<?xml version="1.0" encoding="UTF-8"?><collection xmlns="http://www.loc.gov/MARC21/slim"><record><leader>00319nam--2200121-i-4500</leader><controlfield tag="001">000047096</controlfield><controlfield tag="002">20161230</controlfield><controlfield tag="005">20161230201046</controlfield><controlfield tag="008">060222s1000------------r-----000-0-eng-d</controlfield><datafield ind1=" " ind2=" " tag="100"><subfield code="a">Wegner, Peter</subfield></datafield><datafield ind1=" " ind2=" " tag="245"><subfield code="a">An introduction to symbolic programming</subfield></datafield><datafield ind1=" " ind2=" " tag="260"><subfield code="a">London, Charles Griffin &amp; Co.Ltd., 1963, 219p</subfield></datafield><datafield ind1=" " ind2=" " tag="852"><subfield code="a">19216</subfield></datafield></record></collection>